@inproceedings{harakeh2020bayesod,
  title={Bayesod: A bayesian approach for uncertainty estimation in deep object detectors},
  author={Harakeh, Ali and Smart, Michael and Waslander, Steven L},
  booktitle={2020 IEEE International Conference on Robotics and Automation (ICRA)},
  pages={87--93},
  year={2020},
  organization={IEEE}
}

@misc{unrealunreal,
  title={Unreal Engine [en l{\'\i}nea]},
  author={Unreal, Make Something}
}




@inproceedings{choi2013rgb,
  title        = {RGB-D object tracking: A particle filter approach on GPU},
  author       = {Choi, Changhyun and Christensen, Henrik I},
  booktitle    = {2013 IEEE/RSJ International Conference on Intelligent Robots and Systems},
  pages        = {1084--1091},
  year         = {2013},
  organization = {IEEE}
}

@misc{CVTF2,
  title     = {Hands-On Computer Vision with TensorFlow 2},
  author    = {Planche, B and Andres, E},
  year      = {2019},
  publisher = {Packt Publishing, Birmingham}
}




@inproceedings{DenseFusion,
  title     = {Densefusion: 6d object pose estimation by iterative dense fusion},
  author    = {Wang, Chen and Xu, Danfei and Zhu, Yuke and Mart{\'\i}n-Mart{\'\i}n, Roberto and Lu, Cewu and Fei-Fei, Li and Savarese, Silvio},
  booktitle = {Proceedings of the IEEE Conference on Computer Vision and Pattern Recognition},
  pages     = {3343--3352},
  year      = {2019}
}

@article{Dope,
  title   = {Deep object pose estimation for semantic robotic grasping of household objects},
  author  = {Tremblay, Jonathan and To, Thang and Sundaralingam, Balakumar and Xiang, Yu and Fox, Dieter and Birchfield, Stan},
  journal = {arXiv preprint arXiv:1809.10790},
  year    = {2018}
}

@article{lampinen2001bayesian,
  title     = {Bayesian approach for neural networksâ€”review and case studies},
  author    = {Lampinen, Jouko and Vehtari, Aki},
  journal   = {Neural networks},
  volume    = {14},
  number    = {3},
  pages     = {257--274},
  year      = {2001},
  publisher = {Elsevier}
}

@article{posecnn,
  title={Posecnn: A convolutional neural network for 6d object pose estimation in cluttered scenes},
  author={Xiang, Yu and Schmidt, Tanner and Narayanan, Venkatraman and Fox, Dieter},
  journal={arXiv preprint arXiv:1711.00199},
  year={2017}
}

@article{li2019survey,
  title     = {A survey on 3D hand pose estimation: Cameras, methods, and datasets},
  author    = {Li, Rui and Liu, Zhenyu and Tan, Jianrong},
  journal   = {Pattern Recognition},
  volume    = {93},
  pages     = {251--272},
  year      = {2019},
  publisher = {Elsevier}
}
@article{marchand2015pose,
  title     = {Pose estimation for augmented reality: a hands-on survey},
  author    = {Marchand, Eric and Uchiyama, Hideaki and Spindler, Fabien},
  journal   = {IEEE transactions on visualization and computer graphics},
  volume    = {22},
  number    = {12},
  pages     = {2633--2651},
  year      = {2015},
  publisher = {IEEE}
}


@inproceedings{MoreFusion,
  title     = {MoreFusion: Multi-object Reasoning for 6D Pose Estimation from Volumetric Fusion},
  author    = {Wada, Kentaro and Sucar, Edgar and James, Stephen and Lenton, Daniel and Davison, Andrew J},
  booktitle = {Proceedings of the IEEE/CVF Conference on Computer Vision and Pattern Recognition},
  pages     = {14540--14549},
  year      = {2020}
}

@inproceedings{tobin2017domain,
  title        = {Domain randomization for transferring deep neural networks from simulation to the real world},
  author       = {Tobin, Josh and Fong, Rachel and Ray, Alex and Schneider, Jonas and Zaremba, Wojciech and Abbeel, Pieter},
  booktitle    = {2017 IEEE/RSJ International Conference on Intelligent Robots and Systems (IROS)},
  pages        = {23--30},
  year         = {2017},
  organization = {IEEE}
}

@misc{L1Defsan62:online,
author = {},
title = {L1\_DefsandExamples.pdf},
howpublished = {\url{https://www.math.upenn.edu/~brweber/Courses/2012/Math650/Notes/L1_DefsandExamples.pdf}},
month = {},
year = {},
note = {(Accessed on 11/20/2020)}
}

@misc{DynamicP59:online,
author = {},
title = {Dynamic Primitives of Motor Behavior},
howpublished = {\url{https://www.ncbi.nlm.nih.gov/pmc/articles/PMC3735361/#R88}},
month = {},
year = {},
note = {(Accessed on 11/20/2020)}
}


@inproceedings{ku2018joint,
  title={Joint 3d proposal generation and object detection from view aggregation},
  author={Ku, Jason and Mozifian, Melissa and Lee, Jungwook and Harakeh, Ali and Waslander, Steven L},
  booktitle={2018 IEEE/RSJ International Conference on Intelligent Robots and Systems (IROS)},
  pages={1--8},
  year={2018},
  organization={IEEE}
}

@inproceedings{zhou2018voxelnet,
  title={Voxelnet: End-to-end learning for point cloud based 3d object detection},
  author={Zhou, Yin and Tuzel, Oncel},
  booktitle={Proceedings of the IEEE Conference on Computer Vision and Pattern Recognition},
  pages={4490--4499},
  year={2018}
}


@inproceedings{chen2017multi,
  title={Multi-view 3d object detection network for autonomous driving},
  author={Chen, Xiaozhi and Ma, Huimin and Wan, Ji and Li, Bo and Xia, Tian},
  booktitle={Proceedings of the IEEE Conference on Computer Vision and Pattern Recognition},
  pages={1907--1915},
  year={2017}
}


@article{sunderhauf2018limits,
  title={The limits and potentials of deep learning for robotics},
  author={S{\"u}nderhauf, Niko and Brock, Oliver and Scheirer, Walter and Hadsell, Raia and Fox, Dieter and Leitner, J{\"u}rgen and Upcroft, Ben and Abbeel, Pieter and Burgard, Wolfram and Milford, Michael and others},
  journal={The International Journal of Robotics Research},
  volume={37},
  number={4-5},
  pages={405--420},
  year={2018},
  publisher={SAGE Publications Sage UK: London, England}
}

@inproceedings{gal2016dropout,
  title={Dropout as a bayesian approximation: Representing model uncertainty in deep learning},
  author={Gal, Yarin and Ghahramani, Zoubin},
  booktitle={international conference on machine learning},
  pages={1050--1059},
  year={2016}
}


@inproceedings{NIPS2017_2650d608,
 author = {Kendall, Alex and Gal, Yarin},
 booktitle = {Advances in Neural Information Processing Systems},
 editor = {I. Guyon and U. V. Luxburg and S. Bengio and H. Wallach and R. Fergus and S. Vishwanathan and R. Garnett},
 pages = {5574--5584},
 publisher = {Curran Associates, Inc.},
 title = {What Uncertainties Do We Need in Bayesian Deep Learning for Computer Vision?},
 url = {https://proceedings.neurips.cc/paper/2017/file/2650d6089a6d640c5e85b2b88265dc2b-Paper.pdf},
 volume = {30},
 year = {2017}
}

@inproceedings{coco,
  title={Microsoft coco: Common objects in context},
  author={Lin, Tsung-Yi and Maire, Michael and Belongie, Serge and Hays, James and Perona, Pietro and Ramanan, Deva and Doll{\'a}r, Piotr and Zitnick, C Lawrence},
  booktitle={European conference on computer vision},
  pages={740--755},
  year={2014},
  organization={Springer}
}

@misc{pascal,
  title={The PASCAL visual object classes homepage},
  author={Everingham, Mark and Van Gool, L and Williams, CKI and Winn, John and Zisserman, Andrew},
  year={2015}
}

@article{lorenz1963deterministic,
  title={Deterministic nonperiodic flow},
  author={Lorenz, Edward N},
  journal={Journal of the atmospheric sciences},
  volume={20},
  number={2},
  pages={130--141},
  year={1963}
}

@inproceedings{kendall2017uncertainties,
  title={What uncertainties do we need in bayesian deep learning for computer vision?},
  author={Kendall, Alex and Gal, Yarin},
  booktitle={Advances in neural information processing systems},
  pages={5574--5584},
  year={2017}
}

@article{gal2016uncertainty,
  title={Uncertainty in deep learning},
  author={Gal, Yarin},
  journal={University of Cambridge},
  volume={1},
  number={3},
  year={2016}
}
