
@article{quest,
  author={Fathian, Kaveh and Ramirez-Paredes, J. Pablo and Doucette, Emily A. and Curtis, J. Willard and Gans, Nicholas R.},
  journal={IEEE Robotics and Automation Letters},
  title={QuEst: A Quaternion-Based Approach for Camera Motion Estimation From Minimal Feature Points},
  year={2018},
  volume={3},
  number={2},
  pages={857-864},
  doi={10.1109/LRA.2018.2792142}
  }


@article{ma2020motion,
  title={Motion planning for deformable linear objects under multiple constraints},
  author={Ma, Jiangtao and Liu, Jianhua and Ding, Xiaoyu and Lv, Naijing},
  journal={Robotica},
  volume={38},
  number={5},
  pages={819--830},
  year={2020},
  publisher={Cambridge University Press}
}

@inproceedings{vest,
  title={VEst: An Efficient Solution to the Camera Velocity Estimation from Minimal Feature Points},
  author={Zhang, Yujie and Fathian, Kaveh and Gans, Nicholas R},
  booktitle={2020 American Control Conference (ACC)},
  pages={3381--3386},
  year={2020},
  organization={IEEE}
}

@article{bar2000new,
  title={New method for extracting the quaternion from a rotation matrix},
  author={Bar-Itzhack, Itzhack Y},
  journal={Journal of guidance, control, and dynamics},
  volume={23},
  number={6},
  pages={1085--1087},
  year={2000}
}

@article{huynh2009metrics,
  title={Metrics for 3D rotations: Comparison and analysis},
  author={Huynh, Du Q},
  journal={Journal of Mathematical Imaging and Vision},
  volume={35},
  number={2},
  pages={155--164},
  year={2009},
  publisher={Springer}
}
