% A
% B
% C
@inproceedings{choi2013rgb,
  title        = {RGB-D object tracking: A particle filter approach on GPU},
  author       = {Choi, Changhyun and Christensen, Henrik I},
  booktitle    = {2013 IEEE/RSJ International Conference on Intelligent Robots and Systems},
  pages        = {1084--1091},
  year         = {2013},
  organization = {IEEE}
}
@misc{CVTF2,
  title     = {Hands-On Computer Vision with TensorFlow 2},
  author    = {Planche, B and Andres, E},
  year      = {2019},
  publisher = {Packt Publishing, Birmingham}
}
@inproceedings{calli2015ycb,
  title={The ycb object and model set: Towards common benchmarks for manipulation research},
  author={Calli, Berk and Singh, Arjun and Walsman, Aaron and Srinivasa, Siddhartha and Abbeel, Pieter and Dollar, Aaron M},
  booktitle={2015 international conference on advanced robotics (ICAR)},
  pages={510--517},
  year={2015},
  organization={IEEE}
}
% D
@misc{damianou2013deep,
  title         = {Deep Gaussian Processes},
  author        = {Andreas C. Damianou and Neil D. Lawrence},
  year          = {2013},
  eprint        = {1211.0358},
  archiveprefix = {arXiv},
  primaryclass  = {stat.ML}
}
@inproceedings{DenseFusion,
  title     = {Densefusion: 6d object pose estimation by iterative dense fusion},
  author    = {Wang, Chen and Xu, Danfei and Zhu, Yuke and Mart{\'\i}n-Mart{\'\i}n, Roberto and Lu, Cewu and Fei-Fei, Li and Savarese, Silvio},
  booktitle = {Proceedings of the IEEE Conference on Computer Vision and Pattern Recognition},
  pages     = {3343--3352},
  year      = {2019}
}
@article{Dope,
  title   = {Deep object pose estimation for semantic robotic grasping of household objects},
  author  = {Tremblay, Jonathan and To, Thang and Sundaralingam, Balakumar and Xiang, Yu and Fox, Dieter and Birchfield, Stan},
  journal = {arXiv preprint arXiv:1809.10790},
  year    = {2018}
}
@article{du2020vision,
  title     = {Vision-based robotic grasping from object localization, object pose estimation to grasp estimation for parallel grippers: a review},
  author    = {Du, Guoguang and Wang, Kai and Lian, Shiguo and Zhao, Kaiyong},
  journal   = {Artificial Intelligence Review},
  pages     = {1--58},
  year      = {2020},
  publisher = {Springer}
}
@article{degroot1983comparison,
  title={The comparison and evaluation of forecasters},
  author={DeGroot, Morris H and Fienberg, Stephen E},
  journal={Journal of the Royal Statistical Society: Series D (The Statistician)},
  volume={32},
  number={1-2},
  pages={12--22},
  year={1983},
  publisher={Wiley Online Library}
}
% E
% F
% G
@misc{gal2016dropout,
  title         = {Dropout as a Bayesian Approximation: Representing Model Uncertainty in Deep Learning},
  author        = {Yarin Gal and Zoubin Ghahramani},
  year          = {2016},
  eprint        = {1506.02142},
  archiveprefix = {arXiv},
  primaryclass  = {stat.ML}
}
@article{gal2016uncertainty,
  title   = {Uncertainty in deep learning},
  author  = {Gal, Yarin},
  journal = {University of Cambridge},
  volume  = {1},
  number  = {3},
  year    = {2016}
}
@misc{graphics85:online,
  author       = {},
  title        = {graphics/6dof\_alignment.ipynb at master · tensorflow/graphics},
  howpublished = {\url{https://github.com/tensorflow/graphics/blob/master/tensorflow_graphics/notebooks/6dof_alignment.ipynb}},
  month        = {},
  year         = {},
  note         = {(Accessed on 01/28/2021)}
}
% H
@inproceedings{harakeh2020bayesod,
  title        = {Bayesod: A bayesian approach for uncertainty estimation in deep object detectors},
  author       = {Harakeh, Ali and Smart, Michael and Waslander, Steven L},
  booktitle    = {2020 IEEE International Conference on Robotics and Automation (ICRA)},
  pages        = {87--93},
  year         = {2020},
  organization = {IEEE}
}
@article{heckerman1995learning,
  title={Learning Bayesian networks: The combination of knowledge and statistical data},
  author={Heckerman, David and Geiger, Dan and Chickering, David M},
  journal={Machine learning},
  volume={20},
  number={3},
  pages={197--243},
  year={1995},
  publisher={Springer}
}
@article{hoeting1999bayesian,
  title={Bayesian model averaging: a tutorial},
  author={Hoeting, Jennifer A and Madigan, David and Raftery, Adrian E and Volinsky, Chris T},
  journal={Statistical science},
  pages={382--401},
  year={1999},
  publisher={JSTOR}
}
% I
@article{iqbal2020data,
  title     = {Data Association and Localization of Classified Objects in Visual SLAM},
  author    = {Iqbal, Asif and Gans, Nicholas R},
  journal   = {Journal of Intelligent \& Robotic Systems},
  volume    = {100},
  pages     = {113--130},
  year      = {2020},
  publisher = {Springer}
}
% J
% K
@misc{kendall2016modelling,
  title         = {Modelling Uncertainty in Deep Learning for Camera Relocalization},
  author        = {Alex Kendall and Roberto Cipolla},
  year          = {2016},
  eprint        = {1509.05909},
  archiveprefix = {arXiv},
  primaryclass  = {cs.CV}
}
@inproceedings{kendall2017uncertainties,
  title     = {What uncertainties do we need in bayesian deep learning for computer vision?},
  author    = {Kendall, Alex and Gal, Yarin},
  booktitle = {Advances in neural information processing systems},
  pages     = {5574--5584},
  year      = {2017}
}

% L
@article{lampinen2001bayesian,
  title     = {Bayesian approach for neural networks—review and case studies},
  author    = {Lampinen, Jouko and Vehtari, Aki},
  journal   = {Neural networks},
  volume    = {14},
  number    = {3},
  pages     = {257--274},
  year      = {2001},
  publisher = {Elsevier}
}
@article{li2019survey,
  title     = {A survey on 3D hand pose estimation: Cameras, methods, and datasets},
  author    = {Li, Rui and Liu, Zhenyu and Tan, Jianrong},
  journal   = {Pattern Recognition},
  volume    = {93},
  pages     = {251--272},
  year      = {2019},
  publisher = {Elsevier}
}
% M
@article{marchand2015pose,
  title     = {Pose estimation for augmented reality: a hands-on survey},
  author    = {Marchand, Eric and Uchiyama, Hideaki and Spindler, Fabien},
  journal   = {IEEE transactions on visualization and computer graphics},
  volume    = {22},
  number    = {12},
  pages     = {2633--2651},
  year      = {2015},
  publisher = {IEEE}
}
@inproceedings{MoreFusion,
  title     = {MoreFusion: Multi-object Reasoning for 6D Pose Estimation from Volumetric Fusion},
  author    = {Wada, Kentaro and Sucar, Edgar and James, Stephen and Lenton, Daniel and Davison, Andrew J},
  booktitle = {Proceedings of the IEEE/CVF Conference on Computer Vision and Pattern Recognition},
  pages     = {14540--14549},
  year      = {2020}
}
% N
@inproceedings{niculescu2005predicting,
  title={Predicting good probabilities with supervised learning},
  author={Niculescu-Mizil, Alexandru and Caruana, Rich},
  booktitle={Proceedings of the 22nd international conference on Machine learning},
  pages={625--632},
  year={2005}
}
@misc{NVIDIAIs75:online,
author = {Nvidia},
title = {NVIDIA Isaac SDK | NVIDIA Developer},
howpublished = {\url{https://developer.nvidia.com/Isaac-sdk}},
month = {},
year = {2021},
note = {(Accessed on 02/05/2021)}
}
% O
% P
@inproceedings{naeini2015obtaining,
  title={Obtaining well calibrated probabilities using bayesian binning},
  author={Naeini, Mahdi Pakdaman and Cooper, Gregory and Hauskrecht, Milos},
  booktitle={Proceedings of the AAAI Conference on Artificial Intelligence},
  volume={29},
  number={1},
  year={2015}
}
@article{platt1999probabilistic,
  title={Probabilistic outputs for support vector machines and comparisons to regularized likelihood methods},
  author={Platt, John and others},
  journal={Advances in large margin classifiers},
  volume={10},
  number={3},
  pages={61--74},
  year={1999},
  publisher={Cambridge, MA}
}
@inproceedings{pinto2016curious,
  title={The curious robot: Learning visual representations via physical interactions},
  author={Pinto, Lerrel and Gandhi, Dhiraj and Han, Yuanfeng and Park, Yong-Lae and Gupta, Abhinav},
  booktitle={European Conference on Computer Vision},
  pages={3--18},
  year={2016},
  organization={Springer}
}
% Q
% R
 @misc{roboticv19:online,
  author       = {Mojra, Bardia},
  title        = {robotic-vision-lab/pose\_estimation\_uncertainty: Uncertainty in Pose Estimation},
  howpublished = {\url{https://github.com/robotic-vision-lab/pose_estimation_uncertainty}},
  month        = {},
  year         = {},
  note         = {(Accessed on 01/28/2021)}
}
% S
@book{schenker2020learn,
  title     = {Learn Docker -- Fundamentals of Docker 19.x: Build, test, ship, and run containers with Docker and Kubernetes, 2nd Edition},
  author    = {Schenker, G.N.},
  isbn      = {9781838641207},
  url       = {https://books.google.com/books?id=CeTWDwAAQBAJ},
  year      = {2020},
  publisher = {Packt Publishing}
}
@article{sunderhauf2018limits,
  title     = {The limits and potentials of deep learning for robotics},
  author    = {S{\"u}nderhauf, Niko and Brock, Oliver and Scheirer, Walter and Hadsell, Raia and Fox, Dieter and Leitner, J{\"u}rgen and Upcroft, Ben and Abbeel, Pieter and Burgard, Wolfram and Milford, Michael and others},
  journal   = {The International Journal of Robotics Research},
  volume    = {37},
  number    = {4-5},
  pages     = {405--420},
  year      = {2018},
  publisher = {SAGE Publications Sage UK: London, England}
}
% T
@inproceedings{tobin2017domain,
  title        = {Domain randomization for transferring deep neural networks from simulation to the real world},
  author       = {Tobin, Josh and Fong, Rachel and Ray, Alex and Schneider, Jonas and Zaremba, Wojciech and Abbeel, Pieter},
  booktitle    = {2017 IEEE/RSJ International Conference on Intelligent Robots and Systems (IROS)},
  pages        = {23--30},
  year         = {2017},
  organization = {IEEE}
}
@misc{tensorflow2015-whitepaper,
  title  = { {TensorFlow}: Large-Scale Machine Learning on Heterogeneous Systems},
  url    = {https://www.tensorflow.org/},
  note   = {Software available from tensorflow.org},
  author = {
    Mart\'{\i}n~Abadi and
    Ashish~Agarwal and
    Paul~Barham and
    Eugene~Brevdo and
    Zhifeng~Chen and
    Craig~Citro and
    Greg~S.~Corrado and
    Andy~Davis and
    Jeffrey~Dean and
    Matthieu~Devin and
    Sanjay~Ghemawat and
    Ian~Goodfellow and
    Andrew~Harp and
    Geoffrey~Irving and
    Michael~Isard and
    Yangqing Jia and
    Rafal~Jozefowicz and
    Lukasz~Kaiser and
    Manjunath~Kudlur and
    Josh~Levenberg and
    Dandelion~Man\'{e} and
    Rajat~Monga and
    Sherry~Moore and
    Derek~Murray and
    Chris~Olah and
    Mike~Schuster and
    Jonathon~Shlens and
    Benoit~Steiner and
    Ilya~Sutskever and
    Kunal~Talwar and
    Paul~Tucker and
    Vincent~Vanhoucke and
    Vijay~Vasudevan and
    Fernanda~Vi\'{e}gas and
    Oriol~Vinyals and
    Pete~Warden and
    Martin~Wattenberg and
    Martin~Wicke and
    Yuan~Yu and
    Xiaoqiang~Zheng},
  year   = {2015}
}
% U
@misc{unrealunreal,
  title  = {Unreal Engine [en l{\'\i}nea]},
  author = {Unreal, Make Something}
}
% V
% W
@InProceedings{Wang_2019_CVPR,
author = {Wang, He and Sridhar, Srinath and Huang, Jingwei and Valentin, Julien and Song, Shuran and Guibas, Leonidas J.},
title = {Normalized Object Coordinate Space for Category-Level 6D Object Pose and Size Estimation},
booktitle = {Proceedings of the IEEE/CVF Conference on Computer Vision and Pattern Recognition (CVPR)},
month = {June},
year = {2019}
}
% X
@misc{xiang2018posecnn,
  title         = {PoseCNN: A Convolutional Neural Network for 6D Object Pose Estimation in Cluttered Scenes},
  author        = {Yu Xiang and Tanner Schmidt and Venkatraman Narayanan and Dieter Fox},
  year          = {2018},
  eprint        = {1711.00199},
  archiveprefix = {arXiv},
  primaryclass  = {cs.CV}
}
% Y
@inproceedings{yu2016unitbox,
  title={Unitbox: An advanced object detection network},
  author={Yu, Jiahui and Jiang, Yuning and Wang, Zhangyang and Cao, Zhimin and Huang, Thomas},
  booktitle={Proceedings of the 24th ACM international conference on Multimedia},
  pages={516--520},
  year={2016}
}
% Z
@inproceedings{zadrozny2001obtaining,
  title={Obtaining calibrated probability estimates from decision trees and naive bayesian classifiers},
  author={Zadrozny, Bianca and Elkan, Charles},
  booktitle={Icml},
  volume={1},
  pages={609--616},
  year={2001},
  organization={Citeseer}
}
@inproceedings{zadrozny2002transforming,
  title={Transforming classifier scores into accurate multiclass probability estimates},
  author={Zadrozny, Bianca and Elkan, Charles},
  booktitle={Proceedings of the eighth ACM SIGKDD international conference on Knowledge discovery and data mining},
  pages={694--699},
  year={2002}
}
