@misc{FiniteImReg,
	Author = {Dzmitry Bahdanau and Kyunghyun Cho and Yoshua Bengio},
	Title = {Neural Machine Translation by Jointly Learning to Align and Translate},
	Year = {2014},
	Eprint = {arXiv:1409.0473},
}

@article{DLSISR,
	author    = {Wenming Yang and
	Xuechen Zhang and
	Yapeng Tian and
	Wei Wang and
	Jing{-}Hao Xue},
	title     = {Deep Learning for Single Image Super-Resolution: {A} Brief Review},
	journal   = {CoRR},
	volume    = {abs/1808.03344},
	year      = {2018},
	url       = {http://arxiv.org/abs/1808.03344},
	archivePrefix = {arXiv},
	eprint    = {1808.03344},
	timestamp = {Wed, 17 Apr 2019 14:54:57 +0200},
	biburl    = {https://dblp.org/rec/bib/journals/corr/abs-1808-03344},
	bibsource = {dblp computer science bibliography, https://dblp.org}
}

@ARTICLE{DCSR,
author={Z. {Zhang} and X. {Wang} and C. {Jung}},
journal={IEEE Transactions on Image Processing},
title={DCSR: Dilated Convolutions for Single Image Super-Resolution},
year={2019},
volume={28},
number={4},
pages={1625-1635},
keywords={convolution;image reconstruction;image resolution;neural nets;dilated convolutions;standard convolutions;receptive field;multiscale single image super-resolution;mixed convolutional layer;large-scale factor;Convolution;Standards;Convolutional codes;Correlation;Image resolution;Kernel;Task analysis;Super-resolution;dilated convolutions;deep neural networks;receptive field;correlation analysis},
doi={10.1109/TIP.2018.2877483},
ISSN={1941-0042},
month={April},
}

@article{ImRegSurvey,
	author    = {Sayan Nag},
	title     = {Image Registration Techniques: {A} Survey},
	journal   = {CoRR},
	volume    = {abs/1712.07540},
	year      = {2017},
	url       = {http://arxiv.org/abs/1712.07540},
	archivePrefix = {arXiv},
	eprint    = {1712.07540},
	timestamp = {Mon, 13 Aug 2018 16:49:15 +0200},
	biburl    = {https://dblp.org/rec/bib/journals/corr/abs-1712-07540},
	bibsource = {dblp computer science bibliography, https://dblp.org}
}

@article{ImSRwDeepCNN,
	author    = {Chao Dong and
	Chen Change Loy and
	Kaiming He and
	Xiaoou Tang},
	title     = {Image Super-Resolution Using Deep Convolutional Networks},
	journal   = {CoRR},
	volume    = {abs/1501.00092},
	year      = {2015},
	url       = {http://arxiv.org/abs/1501.00092},
	archivePrefix = {arXiv},
	eprint    = {1501.00092},
	timestamp = {Mon, 13 Aug 2018 16:46:08 +0200},
	biburl    = {https://dblp.org/rec/bib/journals/corr/DongLHT15},
	bibsource = {dblp computer science bibliography, https://dblp.org}
}

@article{MixDNNforSISR,
	author    = {Ding Liu and
	Zhaowen Wang and
	Nasser M. Nasrabadi and
	Thomas S. Huang},
	title     = {Learning a Mixture of Deep Networks for Single Image Super-Resolution},
	journal   = {CoRR},
	volume    = {abs/1701.00823},
	year      = {2017},
	url       = {http://arxiv.org/abs/1701.00823},
	archivePrefix = {arXiv},
	eprint    = {1701.00823},
	timestamp = {Mon, 13 Aug 2018 16:47:49 +0200},
	biburl    = {https://dblp.org/rec/bib/journals/corr/LiuWNH17},
	bibsource = {dblp computer science bibliography, https://dblp.org}
}

@INPROCEEDINGS{mModalSemanticSLAMwProb,
	author={K. {Doherty} and D. {Fourie} and J. {Leonard}},
	booktitle={2019 International Conference on Robotics and Automation (ICRA)},
	title={Multimodal Semantic SLAM with Probabilistic Data Association},
	year={2019},
	volume={},
	number={},
	pages={2419-2425},
	keywords={image fusion;image representation;inference mechanisms;mobile robots;object detection;path planning;probability;robot vision;SLAM (robots);nonGaussian sensor model;multimodal semantic SLAM;probabilistic data association;robot navigation;semantic SLAM problem;discrete inference problem;object class labels;measurement-landmark correspondences;continuous inference problem;robot poses;object detection systems;simultaneous localization and mapping;object-based representations;object locations;nonGaussian inference problem;Simultaneous localization and mapping;Semantics;Belief propagation;Maximum likelihood estimation;Maximum likelihood detection},
	doi={10.1109/ICRA.2019.8794244},
	ISSN={1050-4729},
	month={May},}

@article{ImSRwVDRCAN,
	author    = {Yulun Zhang and
	Kunpeng Li and
	Kai Li and
	Lichen Wang and
	Bineng Zhong and
	Yun Fu},
	title     = {Image Super-Resolution Using Very Deep Residual Channel Attention
	Networks},
	journal   = {CoRR},
	volume    = {abs/1807.02758},
	year      = {2018},
	url       = {http://arxiv.org/abs/1807.02758},
	archivePrefix = {arXiv},
	eprint    = {1807.02758},
	timestamp = {Tue, 20 Nov 2018 12:24:39 +0100},
	biburl    = {https://dblp.org/rec/bib/journals/corr/abs-1807-02758},
	bibsource = {dblp computer science bibliography, https://dblp.org}
}

@article{RCANforImClass,
	author    = {Fei Wang and
	Mengqing Jiang and
	Chen Qian and
	Shuo Yang and
	Cheng Li and
	Honggang Zhang and
	Xiaogang Wang and
	Xiaoou Tang},
	title     = {Residual Attention Network for Image Classification},
	journal   = {CoRR},
	volume    = {abs/1704.06904},
	year      = {2017},
	url       = {http://arxiv.org/abs/1704.06904},
	archivePrefix = {arXiv},
	eprint    = {1704.06904},
	timestamp = {Tue, 10 Dec 2019 15:37:26 +0100},
	biburl    = {https://dblp.org/rec/bib/journals/corr/WangJQYLZWT17},
	bibsource = {dblp computer science bibliography, https://dblp.org}
}

@misc{discoman,
	title={DISCOMAN: Dataset of Indoor SCenes for Odometry, Mapping And Navigation},
	author={Pavel Kirsanov and Airat Gaskarov and Filipp Konokhov and Konstantin Sofiiuk and Anna Vorontsova and Igor Slinko and Dmitry Zhukov and Sergey Bykov and Olga Barinova and Anton Konushin},
	year={2019},
	eprint={1909.12146},
	archivePrefix={arXiv},
	primaryClass={cs.CV}
}

@misc{CNNtypes,
	 title={A Comprehensive Introduction to Different Types of Convolutions in Deep Learning}, url={https://towardsdatascience.com/a-comprehensive-introduction-to-different-types-of-convolutions-in-deep-learning-669281e58215}, 
	 journal={Medium}, publisher={Towards Data Science}, author={Bai, Kunlun}, year={2019}, month={Feb}
 }

@misc{CNNguide_1, 
	title={A Beginner's Guide To Understanding Convolutional Neural Networks}, 
	url={https://adeshpande3.github.io/adeshpande3.github.io/A-Beginner's-Guide-To-Understanding-Convolutional-Neural-Networks/}, 
	journal={A Beginner's Guide To Understanding Convolutional Neural Networks – Adit Deshpande – Engineering at Forward | UCLA CS '19}, 
	author={Deshpande, Adit}
 }

@misc{CNNguide_2, 
	title={A Beginner's Guide To Understanding Convolutional Neural Networks Part 2}, url={https://adeshpande3.github.io/A-Beginner's-Guide-To-Understanding-Convolutional-Neural-Networks-Part-2/}, 
	journal={A Beginner's Guide To Understanding Convolutional Neural Networks Part 2 – Adit Deshpande – Engineering at Forward | UCLA CS '19}, 
	author={Deshpande, Adit}
 }
