@misc{FiniteImReg,
	Author = {Dzmitry Bahdanau and Kyunghyun Cho and Yoshua Bengio},
	Title = {Neural Machine Translation by Jointly Learning to Align and Translate},
	Year = {2014},
	Eprint = {arXiv:1409.0473},
}

@article{DLSISR,
	author    = {Wenming Yang and
	Xuechen Zhang and
	Yapeng Tian and
	Wei Wang and
	Jing{-}Hao Xue},
	title     = {Deep Learning for Single Image Super-Resolution: {A} Brief Review},
	journal   = {CoRR},
	volume    = {abs/1808.03344},
	year      = {2018},
	url       = {http://arxiv.org/abs/1808.03344},
	archivePrefix = {arXiv},
	eprint    = {1808.03344},
	timestamp = {Wed, 17 Apr 2019 14:54:57 +0200},
	biburl    = {https://dblp.org/rec/bib/journals/corr/abs-1808-03344},
	bibsource = {dblp computer science bibliography, https://dblp.org}
}

@ARTICLE{DCSR,
author={Z. {Zhang} and X. {Wang} and C. {Jung}},
journal={IEEE Transactions on Image Processing},
title={DCSR: Dilated Convolutions for Single Image Super-Resolution},
year={2019},
volume={28},
number={4},
pages={1625-1635},
keywords={convolution;image reconstruction;image resolution;neural nets;dilated convolutions;standard convolutions;receptive field;multiscale single image super-resolution;mixed convolutional layer;large-scale factor;Convolution;Standards;Convolutional codes;Correlation;Image resolution;Kernel;Task analysis;Super-resolution;dilated convolutions;deep neural networks;receptive field;correlation analysis},
doi={10.1109/TIP.2018.2877483},
ISSN={1941-0042},
month={April},
}

@article{ImRegSurvey,
	author    = {Sayan Nag},
	title     = {Image Registration Techniques: {A} Survey},
	journal   = {CoRR},
	volume    = {abs/1712.07540},
	year      = {2017},
	url       = {http://arxiv.org/abs/1712.07540},
	archivePrefix = {arXiv},
	eprint    = {1712.07540},
	timestamp = {Mon, 13 Aug 2018 16:49:15 +0200},
	biburl    = {https://dblp.org/rec/bib/journals/corr/abs-1712-07540},
	bibsource = {dblp computer science bibliography, https://dblp.org}
}

@article{ImSRwDeepCNN,
	author    = {Chao Dong and
	Chen Change Loy and
	Kaiming He and
	Xiaoou Tang},
	title     = {Image Super-Resolution Using Deep Convolutional Networks},
	journal   = {CoRR},
	volume    = {abs/1501.00092},
	year      = {2015},
	url       = {http://arxiv.org/abs/1501.00092},
	archivePrefix = {arXiv},
	eprint    = {1501.00092},
	timestamp = {Mon, 13 Aug 2018 16:46:08 +0200},
	biburl    = {https://dblp.org/rec/bib/journals/corr/DongLHT15},
	bibsource = {dblp computer science bibliography, https://dblp.org}
}

@article{MixDNNforSISR,
	author    = {Ding Liu and
	Zhaowen Wang and
	Nasser M. Nasrabadi and
	Thomas S. Huang},
	title     = {Learning a Mixture of Deep Networks for Single Image Super-Resolution},
	journal   = {CoRR},
	volume    = {abs/1701.00823},
	year      = {2017},
	url       = {http://arxiv.org/abs/1701.00823},
	archivePrefix = {arXiv},
	eprint    = {1701.00823},
	timestamp = {Mon, 13 Aug 2018 16:47:49 +0200},
	biburl    = {https://dblp.org/rec/bib/journals/corr/LiuWNH17},
	bibsource = {dblp computer science bibliography, https://dblp.org}
}

@INPROCEEDINGS{mModalSemanticSLAMwProb,
	author={K. {Doherty} and D. {Fourie} and J. {Leonard}},
	booktitle={2019 International Conference on Robotics and Automation (ICRA)},
	title={Multimodal Semantic SLAM with Probabilistic Data Association},
	year={2019},
	volume={},
	number={},
	pages={2419-2425},
	keywords={image fusion;image representation;inference mechanisms;mobile robots;object detection;path planning;probability;robot vision;SLAM (robots);nonGaussian sensor model;multimodal semantic SLAM;probabilistic data association;robot navigation;semantic SLAM problem;discrete inference problem;object class labels;measurement-landmark correspondences;continuous inference problem;robot poses;object detection systems;simultaneous localization and mapping;object-based representations;object locations;nonGaussian inference problem;Simultaneous localization and mapping;Semantics;Belief propagation;Maximum likelihood estimation;Maximum likelihood detection},
	doi={10.1109/ICRA.2019.8794244},
	ISSN={1050-4729},
	month={May},}

@article{ImSRwVDRCAN,
	author    = {Yulun Zhang and
	Kunpeng Li and
	Kai Li and
	Lichen Wang and
	Bineng Zhong and
	Yun Fu},
	title     = {Image Super-Resolution Using Very Deep Residual Channel Attention
	Networks},
	journal   = {CoRR},
	volume    = {abs/1807.02758},
	year      = {2018},
	url       = {http://arxiv.org/abs/1807.02758},
	archivePrefix = {arXiv},
	eprint    = {1807.02758},
	timestamp = {Tue, 20 Nov 2018 12:24:39 +0100},
	biburl    = {https://dblp.org/rec/bib/journals/corr/abs-1807-02758},
	bibsource = {dblp computer science bibliography, https://dblp.org}
}

@article{RCANforImClass,
	author    = {Fei Wang and
	Mengqing Jiang and
	Chen Qian and
	Shuo Yang and
	Cheng Li and
	Honggang Zhang and
	Xiaogang Wang and
	Xiaoou Tang},
	title     = {Residual Attention Network for Image Classification},
	journal   = {CoRR},
	volume    = {abs/1704.06904},
	year      = {2017},
	url       = {http://arxiv.org/abs/1704.06904},
	archivePrefix = {arXiv},
	eprint    = {1704.06904},
	timestamp = {Tue, 10 Dec 2019 15:37:26 +0100},
	biburl    = {https://dblp.org/rec/bib/journals/corr/WangJQYLZWT17},
	bibsource = {dblp computer science bibliography, https://dblp.org}
}

@misc{discoman,
	title={DISCOMAN: Dataset of Indoor SCenes for Odometry, Mapping And Navigation},
	author={Pavel Kirsanov and Airat Gaskarov and Filipp Konokhov and Konstantin Sofiiuk and Anna Vorontsova and Igor Slinko and Dmitry Zhukov and Sergey Bykov and Olga Barinova and Anton Konushin},
	year={2019},
	eprint={1909.12146},
	archivePrefix={arXiv},
	primaryClass={cs.CV}
}

@misc{CNNtypes,
	 title={A Comprehensive Introduction to Different Types of Convolutions in Deep Learning}, url={https://towardsdatascience.com/a-comprehensive-introduction-to-different-types-of-convolutions-in-deep-learning-669281e58215}, 
	 journal={Medium}, 
	 publisher={Towards Data Science}, 
	 author={Bai, Kunlun}, year={2019}, month={Feb}
 }

@misc{CNNguide_1, 
	title={A Beginner's Guide To Understanding Convolutional Neural Networks}, 
	url={https://adeshpande3.github.io/adeshpande3.github.io/A-Beginner's-Guide-To-Understanding-Convolutional-Neural-Networks/}, 
	journal={A Beginner's Guide To Understanding Convolutional Neural Networks – Adit Deshpande – Engineering at Forward | UCLA CS '19}, 
	author={Deshpande, Adit}
 }

@misc{CNNguide_2, 
	title={A Beginner's Guide To Understanding Convolutional Neural Networks Part 2}, url={https://adeshpande3.github.io/A-Beginner's-Guide-To-Understanding-Convolutional-Neural-Networks-Part-2/}, 
	journal={A Beginner's Guide To Understanding Convolutional Neural Networks Part 2 – Adit Deshpande – Engineering at Forward | UCLA CS '19}, 
	author={Deshpande, Adit}
 }

@book{MLmasteryPy,
	title={Machine Learning Mastery With Python: Understand Your Data, Create Accurate Models, and Work Projects End-to-End},
	author={Brownlee, J.},
	url={https://books.google.com/books?id=BgmqDwAAQBAJ},
	year={2016},
	publisher={Machine Learning Mastery}
}

@ARTICLE{MTRS_ImReg,
author={Z. {Yang} and T. {Dan} and Y. {Yang}},
journal={IEEE Access},
title={Multi-Temporal Remote Sensing Image Registration Using Deep Convolutional Features},
year={2018},
volume={6},
number={},
pages={38544-38555},
keywords={convolution;feature extraction;feedforward neural nets;geophysical image processing;image classification;image matching;image registration;object detection;remote sensing;feature-based registration algorithms;feature point registration;feature matching;multitemporal satellite image data;multitemporal unmanned aerial vehicle image dataset;deep convolutional features;feature point detection;convolutional neural network;multitemporal remote sensing image registration;ground surface change;CNN;multiscale feature descriptors;Feature extraction;Image registration;Remote sensing;Robustness;Convolutional neural networks;Optimization;Indexes;Remote sensing;feature matching;image registration;convolutional feature},
doi={10.1109/ACCESS.2018.2853100},
ISSN={2169-3536},
month={},}

@inproceedings{GraphAttNet,
title={Graph Attention Networks},
author={Petar Veličković and Guillem Cucurull and Arantxa Casanova and Adriana Romero and Pietro Liò and Yoshua Bengio},
booktitle={International Conference on Learning Representations},
year={2018},
url={https://openreview.net/forum?id=rJXMpikCZ},
}

@article{MSSRwCNN,
	title={Single Image Super-Resolution Using Multi-scale Convolutional Neural Network},
	ISBN={9783319773803},
	ISSN={1611-3349},
	url={http://dx.doi.org/10.1007/978-3-319-77380-3_15},
	DOI={10.1007/978-3-319-77380-3_15},
	journal={Lecture Notes in Computer Science},
	publisher={Springer International Publishing},
	author={Jia, Xiaoyi and Xu, Xiangmin and Cai, Bolun and Guo, Kailing},
	year={2018},
	pages={149–157},
}

@misc{Bayesian_Learning_2012,
	 title={Bayesian Learning},
	 url={https://frnsys.com/ai_notes/machine_learning/bayesian_learning.html},
     journal={Frnsys.com},
	 year={2012}, 
 }

@article{SNE,
	added-at = {2012-01-16T13:25:40.000+0100},
	author = {Hinton, Geoffrey and Roweis, Sam},
	biburl = {https://www.bibsonomy.org/bibtex/2a0d72c90aa3348858a647e7603ad7323/gromgull},
	description = {Stochastic Neighbor Embedding | Mendeley},
	editor = {S Becker, S Thrun and Obermayer, KEditors},
	interhash = {e29fa9b96e5445390b32830bc42e69ca},
	intrahash = {a0d72c90aa3348858a647e7603ad7323},
	journal = {Advances in neural information processing systems},
	keywords = {dimensionality-reduction embedding machine-learning visualisation},
	pages = {833--840},
	publisher = {Citeseer},
	timestamp = {2012-01-16T13:25:40.000+0100},
	title = {Stochastic Neighbor Embedding},
	url = {http://citeseerx.ist.psu.edu/viewdoc/download?doi=10.1.1.13.7959&rep=rep1&type=pdf},
	volume = 15,
	year = 2003
}

@incollection{VIN,
	title = {Value Iteration Networks},
	author = {Tamar, Aviv and WU, YI and Thomas, Garrett and Levine, Sergey and Abbeel, Pieter},
	booktitle = {Advances in Neural Information Processing Systems 29},
	editor = {D. D. Lee and M. Sugiyama and U. V. Luxburg and I. Guyon and R. Garnett},
	pages = {2154--2162},
	year = {2016},
	publisher = {Curran Associates, Inc.},
	url = {http://papers.nips.cc/paper/6046-value-iteration-networks.pdf}
}

@misc{Vitaly_Kurin_2017, 
	title={Introduction to Imitation Learning}, url={https://blog.statsbot.co/introduction-to-imitation-learning-32334c3b1e7a}, 
	journal={Medium}, 
	publisher={Stats and Bots}, 
	author={Vitaly Kurin}, 
	year={2017},
	month={Aug} }

@book{brownlee2016machine,
  title={Machine Learning Mastery With Python: Understand Your Data, Create Accurate Models, and Work Projects End-to-End},
  author={Brownlee, J.},
  url={https://books.google.com/books?id=BgmqDwAAQBAJ},
  year={2016},
  publisher={Machine Learning Mastery}
}

@article{DGCNNLPC,
	author    = {Yue Wang and
	Yongbin Sun and
	Ziwei Liu and
	Sanjay E. Sarma and
	Michael M. Bronstein and
	Justin M. Solomon},
	title     = {Dynamic Graph {CNN} for Learning on Point Clouds},
	journal   = {CoRR},
	volume    = {abs/1801.07829},
	year      = {2018},
	url       = {http://arxiv.org/abs/1801.07829},
	archivePrefix = {arXiv},
	eprint    = {1801.07829},
	timestamp = {Mon, 13 Aug 2018 16:48:59 +0200},
	biburl    = {https://dblp.org/rec/journals/corr/abs-1801-07829.bib},
	bibsource = {dblp computer science bibliography, https://dblp.org}
}

@inproceedings{DoBA,
	author = {Gal, Yarin and Ghahramani, Zoubin},
	title = {Dropout as a Bayesian Approximation: Representing Model Uncertainty in Deep Learning},
	year = {2016},
	publisher = {JMLR.org},
	booktitle = {Proceedings of the 33rd International Conference on International Conference on Machine Learning - Volume 48},
	pages = {1050–1059},
	numpages = {10},
	location = {New York, NY, USA},
	series = {ICML’16}
}

@article{SNE,
	author = {Hinton, Geoffrey and Roweis, Sam},
	year = {2003},
	month = {06},
	pages = {},
	title = {Stochastic Neighbor Embedding},
	volume = {15}
}

@article{HornsMethod,
	author = {Horn, Berthold},
	year = {1987},
	month = {04},
	pages = {629-642},
	title = {Closed-Form Solution of Absolute Orientation Using Unit Quaternions},
	volume = {4},
	journal = {Journal of the Optical Society A},
	doi = {10.1364/JOSAA.4.000629}
}

@article{PanopticSeg2019,
	title={Panoptic Segmentation},
	author={Alexander Kirillov and Kaiming He and Ross B. Girshick and Carsten Rother and Piotr Doll{\'a}r},
	journal={2019 IEEE/CVF Conference on Computer Vision and Pattern Recognition (CVPR)},
	year={2019},
	pages={9396-9405}
}

@INPROCEEDINGS{SVO,
	author={C. {Forster} and M. {Pizzoli} and D. {Scaramuzza}},
	booktitle={2014 IEEE International Conference on Robotics and Automation (ICRA)},
	title={SVO: Fast semi-direct monocular visual odometry},
	year={2014},
	volume={},
	number={},
	pages={15-22},
	keywords={autonomous aerial vehicles;control engineering computing;distance measurement;embedded systems;motion estimation;probability;robot vision;stereo image processing;fast semidirect monocular visual odometry;open-source software;consumer laptop;onboard embedded computer;GPS-denied environments;micro-aerial-vehicle state-estimation;high frame-rate motion estimation;3D points;outlier measurements;probabilistic mapping method;subpixel precision;pixel intensities;SVO;Cameras;Three-dimensional displays;Feature extraction;Robustness;Motion estimation;Tracking;Optimization},
	doi={10.1109/ICRA.2014.6906584},
	ISSN={1050-4729},
	month={May},
}

@inproceedings{NYUV2,
	author = {Silberman, Nathan and Hoiem, Derek and Kohli, Pushmeet and Fergus, Rob},
	year = {2012},
	month = {10},
	pages = {746-760},
	title = {Indoor Segmentation and Support Inference from RGBD Images},
	doi = {10.1007/978-3-642-33715-4\_54}
}